<?xml version="1.0" encoding="UTF-8"?><collection xmlns="http://www.loc.gov/MARC21/slim"><record><leader>00525nam--2200181-u-4500</leader><controlfield tag="001">000054917</controlfield><controlfield tag="002">20161230</controlfield><controlfield tag="005">20161230201051</controlfield><controlfield tag="008">120703s1000------------r-----000-0-ger-d</controlfield><datafield ind1=" " ind2=" " tag="040"><subfield code="a">IFIN-HH</subfield></datafield><datafield ind1=" " ind2=" " tag="041"><subfield code="a">ger</subfield></datafield><datafield ind1=" " ind2=" " tag="080"><subfield code="a">539.171.2(043):539.186.2(043)</subfield></datafield><datafield ind1="1" ind2=" " tag="100"><subfield code="a">Pankau, Eberhard</subfield></datafield><datafield ind1="1" ind2="0" tag="245"><subfield code="a">Absolutmessungen zum elementarprozess der elektron-elktron-bremsstrahlung</subfield><subfield code="b">Dissertation</subfield><subfield code="c">Eberhard pankau</subfield></datafield><datafield ind1=" " ind2=" " tag="260"><subfield code="a">Tubingen</subfield><subfield code="b">Universitat</subfield><subfield code="c">1975</subfield></datafield><datafield ind1=" " ind2=" " tag="300"><subfield code="a">44P</subfield></datafield><datafield ind1=" " ind2=" " tag="852"><subfield code="a">43425</subfield><subfield code="c">539.18</subfield></datafield><datafield ind1=" " ind2=" " tag="CAT"><subfield code="a">Sys</subfield><subfield code="c">20120703</subfield><subfield code="h">141003</subfield></datafield></record></collection>